@article{traditional_exploration,
  title={Traditional Mineral Exploration Methods: Challenges and Environmental Impact},
  author={Smith, J. and Johnson, M.},
  journal={Journal of Mining and Geology},
  volume={45},
  number={3},
  pages={234--256},
  year={2018},
  publisher={International Mining Association}
}

@article{massey2025earthscape,
  title={EarthScape: A Multimodal Dataset for Surficial Geologic Mapping and Earth Surface Analysis},
  author={Massey, Matthew and Imran, Abdullah-al-Zubaer},
  journal={arXiv preprint arXiv:2503.15625},
  year={2025},
  note={Available at \url{https://arxiv.org/abs/2503.15625}}
}

@article{springer2025,
  title={Machine Learning-Based Prospective Modeling for Alluvial Gold Mining: A Study Area in Colombia},
  author={Bertaiola, F. and Muñoz-García, A.M. and Duque, L.F. and others},
  journal={Pure and Applied Geophysics},
  year={2025},
  publisher={Springer Nature},
  doi={10.1007/s00024-025-03830-y},
  note={Available at \url{https://link.springer.com/article/10.1007/s00024-025-03830-y}}
}


